@article{Ghiassian2015AInteractome,
    title = {{A DIseAse MOdule Detection (DIAMOnD) Algorithm Derived from a Systematic Analysis of Connectivity Patterns of Disease Proteins in the Human Interactome}},
    year = {2015},
    journal = {PLoS Computational Biology},
    author = {Ghiassian, Susan Dina and Menche, Jörg and Barab{\'{a}}si, Albert László},
    number = {4},
    volume = {11},
    doi = {10.1371/journal.pcbi.1004120},
    issn = {15537358}
}

@article{Lefebvre2010ACenters,
    title = {{A human B-cell interactome identifies MYB and FOXM1 as master regulators of proliferation in germinal centers}},
    year = {2010},
    journal = {Molecular Systems Biology},
    author = {Lefebvre, Celine and Rajbhandari, Presha and Alvarez, Mariano J. and Bandaru, Pradeep and Lim, Wei Keat and Sato, Mai and Wang, Kai and Sumazin, Pavel and Kustagi, Manjunath and Bisikirska, Brygida C. and Basso, Katia and Beltrao, Pedro and Krogan, Nevan and Gautier, Jean and Dalla-Favera, Riccardo and Califano, Andrea},
    volume = {6},
    doi = {10.1038/msb.2010.31},
    issn = {17444292}
}

@article{Lefebvre2010ACentersb,
    title = {{A human B-cell interactome identifies MYB and FOXM1 as master regulators of proliferation in germinal centers}},
    year = {2010},
    journal = {Molecular Systems Biology},
    author = {Lefebvre, Celine and Rajbhandari, Presha and Alvarez, Mariano J. and Bandaru, Pradeep and Lim, Wei Keat and Sato, Mai and Wang, Kai and Sumazin, Pavel and Kustagi, Manjunath and Bisikirska, Brygida C. and Basso, Katia and Beltrao, Pedro and Krogan, Nevan and Gautier, Jean and Dalla-Favera, Riccardo and Califano, Andrea},
    volume = {6},
    doi = {10.1038/msb.2010.31},
    issn = {17444292}
}

@article{Subramanian2017AProfiles,
    title = {{A Next Generation Connectivity Map: L1000 Platform and the First 1,000,000 Profiles}},
    year = {2017},
    journal = {Cell},
    author = {Subramanian, Aravind and Narayan, Rajiv and Corsello, Steven M. and Peck, David D. and Natoli, Ted E. and Lu, Xiaodong and Gould, Joshua and Davis, John F. and Tubelli, Andrew A. and Asiedu, Jacob K. and Lahr, David L. and Hirschman, Jodi E. and Liu, Zihan and Donahue, Melanie and Julian, Bina and Khan, Mariya and Wadden, David and Smith, Ian C. and Lam, Daniel and Liberzon, Arthur and Toder, Courtney and Bagul, Mukta and Orzechowski, Marek and Enache, Oana M. and Piccioni, Federica and Johnson, Sarah A. and Lyons, Nicholas J. and Berger, Alice H. and Shamji, Alykhan F. and Brooks, Angela N. and Vrcic, Anita and Flynn, Corey and Rosains, Jacqueline and Takeda, David Y. and Hu, Roger and Davison, Desiree and Lamb, Justin and Ardlie, Kristin and Hogstrom, Larson and Greenside, Peyton and Gray, Nathanael S. and Clemons, Paul A. and Silver, Serena and Wu, Xiaoyun and Zhao, Wen Ning and Read-Button, Willis and Wu, Xiaohua and Haggarty, Stephen J. and Ronco, Lucienne V. and Boehm, Jesse S. and Schreiber, Stuart L. and Doench, John G. and Bittker, Joshua A. and Root, David E. and Wong, Bang and Golub, Todd R.},
    number = {6},
    volume = {171},
    doi = {10.1016/j.cell.2017.10.049},
    issn = {10974172}
}

@article{Phillips2016AnCigarettes,
    title = {{An 8-month systems toxicology inhalation/cessation study in Apoe-/- mice to investigate cardiovascular and respiratory exposure effects of a candidate modified risk tobacco product, THS 2.2, compared with conventional cigarettes}},
    year = {2016},
    journal = {Toxicological Sciences},
    author = {Phillips, Blaine and Veljkovic, Emilija and Bou{\'{e}}, Stéphanie and Schlage, Walter K. and Vuillaume, Gregory and Martin, Florian and Titz, Bjoern and Leroy, Patrice and Buettner, Ansgar and Elamin, Ashraf and Oviedo, Alberto and Cabanski, Maciej and De Le{\'{o}}n, Héctor and Guedj, Emmanuel and Schneider, Thomas and Talikka, Marja and Ivanov, Nikolai V. and Vanscheeuwijck, Patrick and Peitsch, Manuel C. and Hoeng, Julia},
    number = {2},
    volume = {149},
    doi = {10.1093/toxsci/kfv243},
    issn = {10960929}
}

@article{Margolin2009ChIP-on-chipOncogenes,
    title = {{ChIP-on-chip significance analysis reveals large-scale binding and regulation by human transcription factor oncogenes}},
    year = {2009},
    journal = {Proceedings of the National Academy of Sciences of the United States of America},
    author = {Margolin, Adam A. and Palomero, Teresa and Sumazin, Pavel and Califano, Andrea and Ferrando, Adolfo A. and Stolovitzky, Gustavo},
    number = {1},
    volume = {106},
    doi = {10.1073/pnas.0806445106},
    issn = {00278424}
}

@article{Panigrahi2013ComputationalDiseases,
    title = {{Computational studies on Alzheimer's disease associated pathways and regulatory patterns using microarray gene expression and network data: Revealed association with aging and other diseases}},
    year = {2013},
    journal = {Journal of Theoretical Biology},
    author = {Panigrahi, Priya P. and Singh, Tiratha Raj},
    volume = {334},
    doi = {10.1016/j.jtbi.2013.06.013},
    issn = {00225193}
}

@article{Ulitsky2010DEGAS:Diseases,
    title = {{DEGAS: De novo discovery of dysregulated pathways in human diseases}},
    year = {2010},
    journal = {PLoS ONE},
    author = {Ulitsky, Igor and Krishnamurthy, Akshay and Karp, Richard M. and Shamir, Ron},
    number = {10},
    volume = {5},
    doi = {10.1371/journal.pone.0013367},
    issn = {19326203}
}

@book{Grande2020EverybodyInclusion,
    title = {{Everybody Rock Your Equity: Experiences of Organizing a Women in Computing Event with Role Models for Diversity and Inclusion}},
    year = {2020},
    booktitle = {IFIP Advances in Information and Communication Technology},
    author = {Grande, V. and Benac Earle, C. and Manresa-Yee, C. and G{\'{o}}mez-Mart{\'{i}}nez, E. and Castro, L.M. and Pons, P. and Corob{\'{a}}n, R.},
    number = {},
    volume = {573 AICT},
    isbn = {9783030396336},
    doi = {10.1007/978-3-030-39634-3{\_}1},
    issn = {1868422X},
    keywords = {Events, Gender, Role models}
}

@article{Wong2014InactivatingTumorigenesis,
    title = {{Inactivating CUX1 mutations promote tumorigenesis}},
    year = {2014},
    journal = {Nature Genetics},
    author = {Wong, Chi C. and Martincorena, Inigo and Rust, Alistair G. and Rashid, Mamunur and Alifrangis, Constantine and Alexandrov, Ludmil B. and Tiffen, Jessamy C. and Kober, Christina and Green, Anthony R. and Massie, Charles E. and Nangalia, Jyoti and Lempidaki, Stella and D{\"{o}}hner, Hartmut and D{\"{o}}hner, Konstanze and Bray, Sarah J. and McDermott, Ultan and Papaemmanuil, Elli and Campbell, Peter J. and Adams, David J.},
    number = {1},
    volume = {46},
    doi = {10.1038/ng.2846},
    issn = {15461718}
}

@article{Kong2014IntegratingDisease,
    title = {{Integrating gene expression and protein interaction data for signaling pathway prediction of Alzheimer's disease}},
    year = {2014},
    journal = {Computational and Mathematical Methods in Medicine},
    author = {Kong, Wei and Zhang, Jingmao and Mou, Xiaoyang and Yang, Yang},
    volume = {2014},
    doi = {10.1155/2014/340758},
    issn = {17486718}
}

@article{Titz2020Multi-omicsSmoke,
    title = {{Multi-omics systems toxicology study of mouse lung assessing the effects of aerosols from two heat-not-burn tobacco products and cigarette smoke}},
    year = {2020},
    journal = {Computational and Structural Biotechnology Journal},
    author = {Titz, Bjoern and Szostak, Justyna and Sewer, Alain and Phillips, Blaine and Nury, Catherine and Schneider, Thomas and Dijon, Sophie and Lavrynenko, Oksana and Elamin, Ashraf and Guedj, Emmanuel and Tsin Wong, Ee and Lebrun, Stefan and Vuillaume, Grégory and Kondylis, Athanasios and Gubian, Sylvain and Cano, Stephane and Leroy, Patrice and Keppler, Brian and Ivanov, Nikolai V and Vanscheeuwijck, Patrick and Martin, Florian and Peitsch, Manuel C and Hoeng, Julia},
    pages = {1056--1073},
    volume = {18},
    url = {http://www.sciencedirect.com/science/article/pii/S2001037019305707},
    doi = {https://doi.org/10.1016/j.csbj.2020.04.011},
    issn = {2001-0370},
    keywords = {Cigarette smoking, Inhalation toxicology, Modified risk tobacco product (MRTP), Multi-omics, Systems toxicology}
}

@article{Faust2010PathwayExtraction,
    title = {{Pathway discovery in metabolic networks by subgraph extraction}},
    year = {2010},
    journal = {Bioinformatics},
    author = {Faust, Karoline and Dupont, Pierre and Callut, Jérôme and van Helden, Jacques},
    number = {9},
    volume = {26},
    doi = {10.1093/bioinformatics/btq105},
    issn = {13674803}
}

@article{Coker2017SiGNet:Inference,
    title = {{SiGNet: A signaling network data simulator to enable signaling network inference}},
    year = {2017},
    journal = {PLoS ONE},
    author = {Coker, Elizabeth A. and Mitsopoulos, Costas and Workman, Paul and Al-Lazikani, Bissan},
    number = {5},
    volume = {12},
    doi = {10.1371/journal.pone.0177701},
    issn = {19326203}
}

@article{Sturla2014SystemsAssessment,
    title = {{Systems toxicology: From basic research to risk assessment}},
    year = {2014},
    journal = {Chemical Research in Toxicology},
    author = {Sturla, Shana J. and Boobis, Alan R. and Fitzgerald, Rex E. and Hoeng, Julia and Kavlock, Robert J. and Schirmer, Kristin and Whelan, Maurice and Wilks, Martin F. and Peitsch, Manuel C.},
    number = {3},
    volume = {27},
    doi = {10.1021/tx400410s},
    issn = {15205010}
}

@article{LoSasso2016TheReduction,
    title = {{The Apoe-/- mouse model: A suitable model to study cardiovascular and respiratory diseases in the context of cigarette smoke exposure and harm reduction}},
    year = {2016},
    journal = {Journal of Translational Medicine},
    author = {Lo Sasso, Giuseppe and Schlage, Walter K. and Bou{\'{e}}, Stéphanie and Veljkovic, Emilija and Peitsch, Manuel C. and Hoeng, Julia},
    number = {1},
    volume = {14},
    doi = {10.1186/s12967-016-0901-1},
    issn = {14795876}
}

@article{LoSasso2016TheReductionb,
    title = {{The Apoe-/- mouse model: A suitable model to study cardiovascular and respiratory diseases in the context of cigarette smoke exposure and harm reduction}},
    year = {2016},
    journal = {Journal of Translational Medicine},
    author = {Lo Sasso, Giuseppe and Schlage, Walter K. and Bou{\'{e}}, Stéphanie and Veljkovic, Emilija and Peitsch, Manuel C. and Hoeng, Julia},
    number = {1},
    volume = {14},
    doi = {10.1186/s12967-016-0901-1},
    issn = {14795876}
}

@article{Wang2020TherapeuticTherapeutics,
    title = {{Therapeutic target database 2020: enriched resource for facilitating research and early development of targeted therapeutics}},
    year = {2020},
    journal = {Nucleic acids research},
    author = {Wang, Yunxia and Zhang, Song and Li, Fengcheng and Zhou, Ying and Zhang, Ying and Wang, Zhengwen and Zhang, Runyuan and Zhu, Jiang and Ren, Yuxiang and Tan, Ying and Qin, Chu and Li, Yinghong and Li, Xiaoxu and Chen, Yuzong and Zhu, Feng},
    doi = {10.1093/nar/gkz981},
    issn = {13624962},
    pmid = {31691823}
}